<record><leader>00000cas a22000007a 4500</leader><controlfield tag="001">19892003</controlfield><controlfield tag="008">890619d19411946aruwr ne      0    0eng d</controlfield><datafield ind1=" " ind2=" " tag="010"><subfield code="a">sn 89051251 </subfield></datafield><datafield ind1=" " ind2=" " tag="040"><subfield code="a">ANU</subfield><subfield code="b">eng</subfield><subfield code="c">ANU</subfield><subfield code="d">OCLCQ</subfield><subfield code="d">OCLCO</subfield><subfield code="d">OCLCF</subfield></datafield><datafield ind1=" " ind2=" " tag="042"><subfield code="a">msc</subfield></datafield><datafield ind1=" " ind2=" " tag="043"><subfield code="a">n-us-ar</subfield></datafield><datafield ind1="0" ind2=" " tag="130"><subfield code="a">Washington telegraph (Washington, Ark. : 1941)</subfield></datafield><datafield ind1="1" ind2="0" tag="245"><subfield code="a">Washington telegraph.</subfield></datafield><datafield ind1=" " ind2=" " tag="260"><subfield code="a">Washington, Hempstead County, Ark. :</subfield><subfield code="b">William H. Etter</subfield></datafield><datafield ind1=" " ind2=" " tag="300"><subfield code="a">v.</subfield></datafield><datafield ind1=" " ind2=" " tag="310"><subfield code="a">Weekly</subfield></datafield><datafield ind1="0" ind2=" " tag="362"><subfield code="a">Vol. 102, no. 39 (May 15, 1941)-</subfield></datafield><datafield ind1="1" ind2=" " tag="362"><subfield code="a">Ceased in 1946.</subfield></datafield><datafield ind1=" " ind2=" " tag="500"><subfield code="a">Published at Hope, Ark., Feb. 12, 1943-&lt;June 14, 1946&gt;.</subfield></datafield><datafield ind1=" " ind2="0" tag="651"><subfield code="a">Hope (Ark.)</subfield><subfield code="v">Newspapers.</subfield></datafield><datafield ind1=" " ind2="0" tag="651"><subfield code="a">Washington (Hempstead County, Ark.)</subfield><subfield code="v">Newspapers.</subfield></datafield><datafield ind1=" " ind2="7" tag="655"><subfield code="a">Newspapers.</subfield><subfield code="2">fast</subfield><subfield code="0">(OCoLC)fst01423814</subfield></datafield><datafield ind1=" " ind2="7" tag="651"><subfield code="a">Arkansas</subfield><subfield code="z">Hope.</subfield><subfield code="2">fast</subfield><subfield code="0">(OCoLC)fst01214378</subfield></datafield><datafield ind1=" " ind2="7" tag="651"><subfield code="a">Arkansas</subfield><subfield code="z">Washington (Hempstead County)</subfield><subfield code="2">fast</subfield><subfield code="0">(OCoLC)fst01325607</subfield></datafield><datafield ind1=" " ind2=" " tag="752"><subfield code="a">United States</subfield><subfield code="b">Arkansas</subfield><subfield code="c">Hempstead</subfield><subfield code="d">Hope.</subfield></datafield><datafield ind1=" " ind2=" " tag="752"><subfield code="a">United States</subfield><subfield code="b">Arkansas</subfield><subfield code="c">Hempstead</subfield><subfield code="d">Washington.</subfield></datafield><datafield ind1="0" ind2="1" tag="780"><subfield code="t">Journal-telegraph (Hope, Ark.)</subfield><subfield code="w">(DLC)sn 89051254</subfield></datafield></record>